@book{scherer2010computational,
  title={Computational Physics},
  author={Scherer, Philipp OJ},
  year={2010},
  publisher={Springer}
}

@book{nakamura1993applied,
  title={Applied numerical methods in C},
  author={Nakamura, Shoichiro},
  year={1993},
  publisher={Prentice-Hall, Inc.}
}

@misc{griffiths2005introduction,
  title={Introduction to electrodynamics},
  author={Griffiths, David J},
  year={2005},
  publisher={American Association of Physics Teachers}
}