@book{scherer2010computational,
  title={Computational Physics},
  author={Scherer, Philipp OJ},
  year={2010},
  publisher={Springer}
}